@book{tarski1951introduccion,
  title={Introducci{\'o}n a la l{\'o}gica y a la metodolog{\'\i}a de las ciencias deductivas},
  author={Tarski, A.},
  series={Nueva ciencia, Nueva T{\'e}cnica},
   year={1951},
  publisher={Espasa-Calpe Argentina}
}
@book{lima1992curso,
  title={Curso de an{\'a}lise},
  author={Lima, E.L.},
  number={v. 1},
  series={Projeto Euclides},
  year={1992},
  publisher={Instituto de Matem{\'a}tica Pura e Aplicada, CNPq}
}
@book{lovasz2003discrete,
  title={Discrete Mathematics: Elementary and Beyond},
  author={Lov{\'a}sz, L. and Pelik{\'a}n, J. and Vesztergombi, K.},
  series={Undergraduate Texts in Mathematics},
  year={2003},
  publisher={Springer New York}
}
@book{lovasz2013discreta,
  title={Matemática  Discreta},
  author={Lov{\'a}sz, L. and Pelik{\'a}n, J. and Vesztergombi, K.},
  volume={5}, 
  series={Coleção Textos Universitários},
  publisher={Sociedade Brasileira de Matemática},
  year={2006}, 
  edition={1}
}
@book{guidorizzi2001curso,
  title={Um curso de c{\'a}lculo},
  author={Guidorizzi, H.L.},
  number={v. 1},
  series={Um curso de c{\'a}lculo},
  year={2001},
  publisher={LTC}
}

@book{scheinerman2003mat,
  title={Matem{\'a}tica Discreta - Uma Introdu{\c{c}}{\~a}o},
  author={Scheinerman, E. R.},
   year={2003},
  publisher={Thomson Pioneira}
}
@book{kolman1984discrete,
  title={Discrete mathematical structures for computer science},
  author={Kolman, B. and Busby, R.C.},
  year={1984},
  publisher={Prentice-Hall}
}
@book{fina2007mathias,
    title={Matem\'atica financeira: com + de 600 exerc\'icios resolvidos e propostos},
    author={ Washington Franco and GOMES, Jos\'e Maria},
     edition={4}, 
     address={S\~ao Paulo}, 
    year={2007}
    }

%===============================estatistica==========================================
@article{roseli2003,
title={PPG Estatıstica e Experimenta\c c\~ao Agron\^omica},
author={Roseli Aparecida Leandro},
acessdate = {09 Ago. 2014}, 
url={http://www.lce.esalq.usp.br/roseli/aula01estimat2003.pdf},
urldate={2014-08-15}
}

@online{FE,
    title = {Functional Equations},
    author = {Mathematical Database},
    year = {2007},
    acessdate = {09 Ago. 2014}, 
    url= {http://db.math.ust.hk/notes_download/elementary/algebra/ae_A9.pdf},
	urldate = {2014-07-08} 
}

@book{toledo1995,
  title={Estat{\'\i}stica B{\'a}sica},
  author={Toledo, G.L. and Ovalle, I.I.},
  year={1995},
  publisher={Atlas}
}

@book{soares2002,
  title={ Introdu\c c\~ao \`a Estat\'istica.},
  author={SOARES, J. F.},
  year={2002},
  address={Rio de Janeiro},
  number={2},
  publisher={LTC}
}

@book{reis2004,
  title={Estat\'istica para cursos de engenharia e inform\'atica.},
  author={REIS, M. M. and BARBETTA, P. A. and BORNIA, A. C.},
  year={2004},
  address={S\~ao Paulo},
   publisher={Atlas}
}

@book{triola2008,
  title={ Introdu\c c\~ao \`a Estat\'istica.},
  author={TRIOLA, M. F.},
  year={2008},
  address={Rio de Janeiro},
  number={10},
  publisher={LTC}
}

@Manual{Rmanual,
    title = {R: A Language and Environment for Statistical Computing},
    author = {{R Core Team}},
    organization = {R Foundation for Statistical Computing},
    address = {Vienna, Austria},
    year = {2013},
    url = {http://www.R-project.org/},
  }

%================================================================================================
@misc{calculus43,
   author = {Jerrold Marsden and Alan Weinstein},
   title = {Calculus Unlimited},
   year = {1943},
   url = {http://authors.library.caltech.edu/25054/12/CalcUch10-exp-log.pdf},
   urldate = {21 Jul. 2016},    
   note = {[Online; acesso em: 21-julho-2016]},
   publisher={The Benjamin/Cummings}
}
